

@incollection{libermanpierrehumbert84,
  author =        {Mark Liberman and Janet Pierrehumbert},
  booktitle =     {Language Sound Structure},
  editor =        {Mark Aronoff and Richard Oehrle},
  pages =         {157--233},
  publisher =     {MIT Press},
  title =         {Intonational invariance under changes in pitch range
                   and length},
  year =          {1984},
}

@article{ahn-19,
  author =        {Byron Ahn and Nanette Veilleux and
                   Stefanie Shattuck-Hufnagel},
  journal =       {The Proceedings of 19th {I}nternational {C}ongress of
                   {P}honetic {S}ciences},
  title =         {Annotating Prosody with {PoLaR}: Conventions for a
                   Decompositional Annotation System},
  year =          {2019},
}

@article{cole-14,
  author =        {Jennifer Cole and Timothy Mahrt and José I. Hualde},
  journal =       {Proceedings of Speech Prosody 7},
  pages =         {859-863},
  title =         {Listening for sound, listening for meaning: Task
                   effects on prosodic transcription},
  year =          {2014},
}

@incollection{selkirk81,
  address =       {New York},
  author =        {Elisabeth Selkirk},
  booktitle =     {The Cognitive Representation of Speech},
  editor =        {Terry Myers and John Laver and John Anderson},
  pages =         {379--388},
  publisher =     {North-Holland Publishing Company},
  title =         {On the nature of phonological representation},
  year =          {1981},
}

@article{beckmanpierrehumbert86,
  author =        {Mary E. Beckman and Janet Pierrehumbert},
  journal =       {Phonology Yearbook},
  pages =         {255--309},
  title =         {Intonational structure in {J}apanese and {E}nglish},
  volume =        {3},
  year =          {1986},
}

@book{nesporvogel86,
  address =       {Dordrecht, Holland ; Riverton, N.J.},
  author =        {Marina Nespor and Irene Vogel},
  pages =         {xiv, 327},
  publisher =     {Foris},
  title =         {Prosodic phonology},
  year =          {1986},
}

@incollection{brugos-19,
  address =       {Canberra, Australia},
  author =        {Alejna Brugos and Alison Langston and
                   Stefanie Shattuck-Hufnagel and Nanette Veilleux},
  booktitle =     {Proceedings of the 19th {I}nternational {C}ongress of
                   {P}honetic {S}ciences, {M}elbourne, {A}ustralia 2019},
  editor =        {Sasha Calhoun and Paola Escudero and Marija Tabain and
                   Paul Warren},
  publisher =     {Australasian Speech Science and Technology
                   Association Inc.},
  title =         {A cue-based approach to prosodic disfluency
                   annotation},
  year =          {2019},
}

@book{ladd08,
  address =       {Cambridge},
  author =        {Robert Ladd},
  edition =       {2nd Edition},
  publisher =     {Cambridge University Press},
  title =         {Intonational Phonology},
  year =          {2008},
}

@incollection{selkirk11,
  author =        {Elisabeth Selkirk},
  booktitle =     {The Handbook of Phonological Theory},
  edition =       {2nd Edition},
  editor =        {John A. Goldsmith and Jason Riggle and Alan Yu},
  publisher =     {Blackwell Publishing},
  title =         {The Syntax-Phonology Interface},
  year =          {2011},
}

@incollection{itomester12,
  address =       {London},
  author =        {Junko It{\^{o}} and Armin Mester},
  booktitle =     {Prosody Matters: Essays in Honor of {E}lisabeth
                   {S}elkirk},
  editor =        {Toni Borowsky and Shigeto Kawahara and
                   Mariko Sugahara and Takahito Shinya},
  pages =         {280--303},
  publisher =     {Equinox Publishing},
  title =         {Recursive prosodic phrasing in {J}apanese},
  year =          {2012},
}

@article{kentnerfery13,
  author =        {Gerrit Kentner and Caroline Féry},
  journal =       {The Linguistic Review 2013},
  pages =         {277-311},
  title =         {A new approach to prosodic grouping},
  volume =        {30},
  year =          {2013},
}

@incollection{shattuck-hufnagelcutler99,
  author =        {Stefanie {Shattuck-Hufnagel} and Anne Cutler},
  booktitle =     {The Proceedings of 14th International Congress of
                   Phonetic Sciences ({ICPhS})},
  editor =        {John J. Ohala and Yoko Hasegawa and Manjari Ohala and
                   Daniel Granville and Ashlee C. Bailey},
  pages =         {1483--1486},
  title =         {The prosody of speech error corrections revisited},
  year =          {1999},
}

@article{beckmanayers97,
  author =        {Mary E. Beckman and Gayle M. Ayers},
  journal =       {The OSU Research Foundation},
  note =          {Available at
  http://www.ling.ohio-state.edu/{\~{}}tobi/ame{\_}tobi/labelling{\_}guide{\_}v3.pdf.},
  title =         {Guidelines for {ToBI} Labelling},
  volume =        {3},
  year =          {1997},
}

@article{dehewichmann10,
  author =        {Nicole Dehé and Anne Wichmann},
  journal =       {Functions of Language},
  number =        {1},
  pages =         {1--28},
  title =         {The multifunctionality of epistemic parentheticals in
                   discourse: Prosodic cues to the semantic-pragmatic
                   boundary},
  volume =        {17},
  year =          {2010},
}

@article{dilley-96,
  author =        {Laura Dilley and Stefanie Shattuck-Hufnagel and
                   Mari Ostendorf},
  journal =       {Journal of Phonetics},
  number =        {4},
  pages =         {423--444},
  title =         {Glottalization of word-initial vowels as a function
                   of prosodic structure},
  volume =        {24},
  year =          {1996},
  doi =           {10.1006/jpho.1996.0023},
}

@phdthesis{brugos15,
  author =        {Alejna Brugos},
  school =        {Boston University},
  title =         {The interaction of pitch and timing in the perception
                   of prosodic grouping},
  year =          {2015},
  doi =           {https://hdl.handle.net/2144/14012},
}

@phdthesis{kim20,
  author =        {Jiseung Kim},
  school =        {University of Michigan},
  title =         {Individual Differences in the Production and
                   Perception of Prosodic Boundaries in {A}merican
                   {E}nglish},
  year =          {2020},
}

@article{ladd88,
  author =        {D. Robert Ladd},
  journal =       {The Journal of the Acoustical Society of America},
  number =        {2},
  pages =         {530},
  title =         {Declination ``reset'' and the hierarchical
                   organization of utterances},
  volume =        {84},
  year =          {1988},
  doi =           {10.1121/1.396830},
}

@incollection{geluykensswerts93,
  author =        {Ronald Geluykens and Marc Swerts},
  booktitle =     {{ESCA} Workshop on Prosody},
  pages =         {108--111},
  title =         {Local and global prosodic cues to discourse
                   organization in dialogues},
  year =          {1993},
}

@article{geluykensswerts94,
  author =        {Ronald Geluykens and Marc Swerts},
  journal =       {Language and speech},
  number =        {1},
  pages =         {21--43},
  title =         {Prosody as a marker of information flow in spoken
                   discourse},
  volume =        {37},
  year =          {1994},
}

@misc{brugos09,
  author =        {Alejna Brugos},
  howpublished =  {Presented at Workshop on Prosody and Meaning,
                   Barcelona, Spain},
  title =         {Non-local pitch range relationships in read and
                   elicited speech},
  year =          {2009},
}

@incollection{beckman-05,
  address =       {Oxford},
  author =        {Mary E. Beckman and Julia Hirschberg and
                   Stefanie Shattuck-Hufnagel},
  booktitle =     {Prosodic Typology: The Phonology of Intonation and
                   Phrasing},
  editor =        {Sun-Ah Jun},
  pages =         {9--54},
  publisher =     {Oxford University Press},
  title =         {The Original {ToBI} System and the Evolution of the
                   {ToBI} Framework},
  year =          {2005},
  doi =           {10.1093/acprof:oso/9780199249633.003.0002},
}

@incollection{armstrong-14,
  address =       {Amsterdam/Philadelphia},
  author =        {Meghan Armstrong and Marisa Cruz},
  booktitle =     {{P}ortuguese-{S}panish Interfaces: Diachrony,
                   synchrony, and contact},
  editor =        {Patrícia Amaral and Ana Maria Carvalho},
  pages =         {151--174},
  publisher =     {John Benjamins Publishing Company},
  title =         {The intonational phonology of {P}ennisular {S}panish
                   and {E}uropean {P}ortuguese},
  year =          {2014},
}

@incollection{nolan03,
  author =        {Francis Nolan},
  booktitle =     {The Proceedings of 15th International Congress of
                   Phonetic Sciences ({ICPhS})},
  pages =         {771--774},
  publisher =     {International Phonetic Association},
  title =         {Intonational equivalence: an experimental evaluation
                   of pitch scales},
  year =          {2003},
}

