

@book{nesporvogel86,
  address =       {Dordrecht, Holland ; Riverton, N.J.},
  author =        {Marina Nespor and Irene Vogel},
  pages =         {xiv, 327},
  publisher =     {Foris},
  title =         {Prosodic phonology},
  year =          {1986},
}

@article{shattuck-hufnagel-96,
  author =        {Stefanie {Shattuck-Hufnagel} and Alice E. Turk},
  journal =       {Journal of Psycholinguistic Research},
  number =        {2},
  pages =         {193--247},
  title =         {A prosody tutorial for investigators of auditory
                   sentence processing},
  volume =        {25},
  year =          {1996},
}

@book{fery17,
  address =       {Cambridge, UK},
  author =        {Caroline Féry},
  publisher =     {Cambridge University Press},
  title =         {Intonation and Prosodic Structure},
  year =          {2017},
}

@incollection{jun07,
  author =        {Sun-Ah Jun},
  booktitle =     {Tones and Tunes},
  editor =        {Carlos Gussenhoven and Tomas Riad},
  pages =         {143--167},
  publisher =     {Mouton de Gruyter},
  title =         {The Intermediate Phrase in {K}orean: Evidence from
                   sentence processing},
  volume =        {2},
  year =          {2007},
}

@incollection{beckman-05,
  address =       {Oxford},
  author =        {Mary E. Beckman and Julia Hirschberg and
                   Stefanie Shattuck-Hufnagel},
  booktitle =     {Prosodic Typology: The Phonology of Intonation and
                   Phrasing},
  editor =        {Sun-Ah Jun},
  pages =         {9--54},
  publisher =     {Oxford University Press},
  title =         {The Original {ToBI} System and the Evolution of the
                   {ToBI} Framework},
  year =          {2005},
  doi =           {10.1093/acprof:oso/9780199249633.003.0002},
}

@article{libermanprince77,
  author =        {Mark Liberman and Alan Prince},
  journal =       {Linguistic Inquiry},
  number =        {2},
  pages =         {249--336},
  title =         {On stress and linguistic rhythm},
  volume =        {8},
  year =          {1977},
}

@article{halle-87,
  author =        {Morris Halle and Jean Roger Vergnaud},
  journal =       {Linguistic Inquiry},
  number =        {1},
  pages =         {45--84},
  title =         {Stress and the Cycle},
  volume =        {18},
  year =          {1987},
}

@article{rooth92,
  author =        {Mats Rooth},
  journal =       {Natural Language Semantics},
  pages =         {75--116},
  title =         {A Theory of Focus Interpretation},
  volume =        {1},
  year =          {1992},
}

@phdthesis{truckenbrodt95,
  author =        {Hubert Truckenbrodt},
  school =        {MIT},
  title =         {Phonological phrases: Their relation to syntax,
                   focus, and prominence},
  year =          {1995},
}

@phdthesis{wagner05,
  author =        {Michael Wagner},
  school =        {MIT},
  title =         {Prosody and Recursion},
  year =          {2005},
}

@article{kratzerselkirk20,
  author =        {Angelika Kratzer and Elisabeth Selkirk},
  journal =       {Glossa},
  number =        {1},
  pages =         {113},
  title =         {Deconstructing Information Structure},
  volume =        {5},
  year =          {2020},
  doi =           {10.5334/gjgl.968},
}

@incollection{pierrehumberthirschberg90,
  address =       {Cambridge, MA},
  author =        {Janet Pierrehumbert and Julia Hirschberg},
  booktitle =     {Intentions in Communication},
  editor =        {Philip R. Cohen and Jerry L. Morgan and
                   Martha E. Pollack},
  pages =         {271--311},
  publisher =     {MIT Press},
  title =         {The Meaning of Intonational Contours in the
                   Interpretation of Discourse},
  year =          {1990},
}

@inproceedings{baltazanijun99,
  author =        {Mary Baltazani and Sun-Ah Jun},
  booktitle =     {The Proceedings of 14th International Congress of
                   Phonetic Sciences ({ICPhS})},
  pages =         {1305--1308},
  title =         {Focus and Topic intonation in {Greek}},
  year =          {1999},
}

@article{ishihara07,
  author =        {Shinichiro Ishihara},
  journal =       {The Linguistic Review},
  number =        {2-3},
  pages =         {137--167},
  publisher =     {Walter de Gruyter},
  title =         {Major Phrase, Focus Intonation, Multiple Spell-Out
                   ({MaP}, {FI}, {MSO})},
  volume =        {24},
  year =          {2007},
}

@incollection{kanerva90,
  address =       {Chicago},
  author =        {Jonni M. Kanerva},
  booktitle =     {The Phonology-Syntax Connection},
  editor =        {Sharon Inkelas and Draga Zec},
  pages =         {145--162},
  publisher =     {University of Chicago Press},
  title =         {Focusing on Phonological Phrases in {C}hichewa},
  year =          {1990},
}

@article{jeonnolan17,
  author =        {Hae-Sung Jeon and Francis Nolan},
  journal =       {Laboratory Phonology: Journal of the Association for
                   Laboratory Phonology},
  number =        {1},
  pages =         {2},
  title =         {Prosodic Marking of Narrow Focus in {S}eoul {K}orean},
  volume =        {8},
  year =          {2017},
  doi =           {10.5334/labphon.48},
}

@incollection{brugos-18,
  author =        {Alejna Brugos and Mara Breen and Nanette Veilleux and
                   Jonathan Barnes and Stefanie {Shattuck-Hufnagel}},
  booktitle =     {{S}peech {P}rosody 2018},
  pages =         {245--249},
  title =         {Cue-based annotation and analysis of prosodic
                   boundary events},
  year =          {2018},
  doi =           {10.21437/SpeechProsody.2018-50},
}

@article{stevens02,
  author =        {Kenneth N. Stevens},
  journal =       {The Journal of the Acoustical Society of America},
  pages =         {1872--1891},
  title =         {Toward a model for lexical access based on acoustic
                   landmarks and distinctive features},
  volume =        {111},
  year =          {2002},
  doi =           {10.1121/1.1458026},
}

@article{stevenskeyser89,
  author =        {Kenneth N. Stevens and Samuel Jay Keyser},
  journal =       {Language},
  number =        {1},
  pages =         {81--106},
  title =         {Primary features and their enhancement in consonants},
  volume =        {65},
  year =          {1989},
}

@incollection{keyserstevens01,
  address =       {Cambridge, MA},
  author =        {Samuel Jay Keyser and Kenneth N. Stevens},
  booktitle =     {Ken Hale: A Life in Language},
  chapter =       {8},
  editor =        {Michael Kenstowicz},
  pages =         {271--291},
  publisher =     {MIT Press},
  title =         {Enhancement Revisited},
  year =          {2001},
}

@incollection{clements09,
  author =        {George Nickerson Clements},
  booktitle =     {Contemporary Views on Architecture and
                   Representations in Phonology},
  editor =        {Eric Raimy and Charles Cairns},
  pages =         {19--68},
  publisher =     {MIT Press},
  title =         {The Role of Features in Phonological Inventories},
  year =          {2009},
}

@article{fery-05,
  author =        {Féry, Caroline and Truckenbrodt, Hubert},
  journal =       {Studia Linguistica},
  number =        {2-3},
  pages =         {223--243},
  publisher =     {Wiley Online Library},
  title =         {Sisterhood and tonal scaling},
  volume =        {59},
  year =          {2005},
}

@article{truckenbrodt02,
  author =        {Truckenbrodt, Hubert},
  journal =       {Phonology},
  number =        {1},
  pages =         {77--120},
  publisher =     {Cambridge University Press},
  title =         {Upstep and embedded register levels},
  volume =        {19},
  year =          {2002},
}

@inproceedings{dimperio-10,
  author =        {d'Imperio, Mariapaola and Michelas, Amandine},
  booktitle =     {Speech Prosody},
  pages =         {4},
  title =         {Embedded register levels and prosodic phrasing in
                   {F}rench},
  year =          {2010},
}

@article{ladd88,
  author =        {D. Robert Ladd},
  journal =       {The Journal of the Acoustical Society of America},
  number =        {2},
  pages =         {530},
  title =         {Declination ``reset'' and the hierarchical
                   organization of utterances},
  volume =        {84},
  year =          {1988},
  doi =           {10.1121/1.396830},
}

@incollection{lehiste75,
  author =        {Lehiste, Ilse},
  booktitle =     {Structure and process in speech perception},
  pages =         {195--206},
  publisher =     {Springer},
  title =         {The phonetic structure of paragraphs},
  year =          {1975},
}

@article{sluijter-93,
  author =        {Sluijter, Agaath MC and Terken, Jacques MB},
  journal =       {Phonetica},
  number =        {3},
  pages =         {180--188},
  publisher =     {S. Karger AG},
  title =         {Beyond sentence prosody: Paragraph intonation in
                   {D}utch},
  volume =        {50},
  year =          {1993},
}

@book{wichmann14,
  author =        {Wichmann, Anne},
  publisher =     {Routledge},
  title =         {Intonation in text and discourse: Beginnings, middles
                   and ends},
  year =          {2014},
}

